<record><leader>00000cas a2200000 a 4500</leader><controlfield tag="001">2261651</controlfield><controlfield tag="008">760620d17941800nyucr ne      0    0eng c</controlfield><datafield ind1=" " ind2=" " tag="010"><subfield code="a">sn 83030541 </subfield></datafield><datafield ind1=" " ind2=" " tag="040"><subfield code="a">PIT</subfield><subfield code="b">eng</subfield><subfield code="c">PIT</subfield><subfield code="d">NPU</subfield><subfield code="d">NPV</subfield><subfield code="d">NPU</subfield><subfield code="d">DLC</subfield><subfield code="d">NPX</subfield><subfield code="d">NPH</subfield><subfield code="d">KNP</subfield><subfield code="d">MGN</subfield><subfield code="d">FUG</subfield><subfield code="d">OCL</subfield><subfield code="d">NYS</subfield><subfield code="d">DLC</subfield><subfield code="d">OCLCG</subfield><subfield code="d">KRTAS</subfield><subfield code="d">OCLCQ</subfield><subfield code="d">OCLCF</subfield><subfield code="d">OCLCO</subfield><subfield code="d">CUS</subfield></datafield><datafield ind1=" " ind2=" " tag="042"><subfield code="a">pcc</subfield></datafield><datafield ind1=" " ind2=" " tag="043"><subfield code="a">n-us-ny</subfield></datafield><datafield ind1="0" ind2="0" tag="050"><subfield code="a">Newspaper</subfield></datafield><datafield ind1="1" ind2="4" tag="050"><subfield code="a">AN</subfield></datafield><datafield ind1=" " ind2=" " tag="052"><subfield code="a">3804</subfield><subfield code="b">N4</subfield></datafield><datafield ind1="0" ind2="0" tag="245"><subfield code="a">Greenleaf's New-York journal, &amp; patriotic register.</subfield></datafield><datafield ind1="1" ind2="3" tag="246"><subfield code="a">Greenleaf's New York journal, and patriotic register</subfield></datafield><datafield ind1="3" ind2="0" tag="246"><subfield code="a">New-York journal, &amp; patriotic register</subfield></datafield><datafield ind1=" " ind2=" " tag="260"><subfield code="a">New York [N.Y.] :</subfield><subfield code="b">Thomas Greenleaf,</subfield><subfield code="c">1794-1800.</subfield></datafield><datafield ind1=" " ind2=" " tag="300"><subfield code="a">v. ;</subfield><subfield code="c">52 cm.</subfield></datafield><datafield ind1=" " ind2=" " tag="310"><subfield code="a">Semiweekly</subfield></datafield><datafield ind1="1" ind2=" " tag="362"><subfield code="a">Vol. 48, no. 1 (Jan. 1, 1794)-v. 52, no. 1370 (Mar. 8, 1800).</subfield></datafield><datafield ind1=" " ind2=" " tag="515"><subfield code="a">Suspended Sept. 16, 1798; resumed Nov. 7, 1798.</subfield></datafield><datafield ind1=" " ind2=" " tag="580"><subfield code="a">Daily eds.: Argus &amp; Greenleaf's new daily advertiser; Argus, or Greenleaf's new daily advertiser; Greenleaf's new daily advertiser.</subfield></datafield><datafield ind1=" " ind2="0" tag="651"><subfield code="a">New York (N.Y.)</subfield><subfield code="v">Newspapers.</subfield></datafield><datafield ind1=" " ind2="0" tag="651"><subfield code="a">New York County (N.Y.)</subfield><subfield code="v">Newspapers.</subfield></datafield><datafield ind1=" " ind2="7" tag="651"><subfield code="a">New York (State)</subfield><subfield code="z">New York.</subfield><subfield code="2">fast</subfield><subfield code="0">(OCoLC)fst01204333</subfield></datafield><datafield ind1=" " ind2="7" tag="651"><subfield code="a">New York (State)</subfield><subfield code="z">New York County.</subfield><subfield code="2">fast</subfield><subfield code="0">(OCoLC)fst01234953</subfield></datafield><datafield ind1=" " ind2="7" tag="655"><subfield code="a">Newspapers.</subfield><subfield code="2">fast</subfield><subfield code="0">(OCoLC)fst01423814</subfield></datafield><datafield ind1="1" ind2=" " tag="700"><subfield code="a">Greenleaf, Thomas,</subfield><subfield code="d">1755-1798.</subfield></datafield><datafield ind1=" " ind2=" " tag="752"><subfield code="a">United States</subfield><subfield code="b">New York</subfield><subfield code="c">New York</subfield><subfield code="d">New York.</subfield></datafield><datafield ind1="1" ind2=" " tag="775"><subfield code="t">Argus &amp; Greenleaf's new daily advertiser</subfield><subfield code="w">(DLC)sn 83030002</subfield><subfield code="w">(OCoLC)9277253</subfield></datafield><datafield ind1="1" ind2=" " tag="775"><subfield code="t">Argus, or Greenleaf's new daily advertiser</subfield><subfield code="w">(DLC)sn 83030003</subfield><subfield code="w">(OCoLC)9277726</subfield></datafield><datafield ind1="1" ind2=" " tag="775"><subfield code="t">Greenleaf's new daily advertiser</subfield><subfield code="w">(DLC)sn 83030056</subfield><subfield code="w">(OCoLC)9370135</subfield></datafield><datafield ind1="0" ind2="0" tag="780"><subfield code="t">New-York journal, &amp; patriotic register</subfield><subfield code="w">(DLC)sn 83030568</subfield><subfield code="w">(OCoLC)9569225</subfield></datafield><datafield ind1="0" ind2="0" tag="785"><subfield code="t">Republican watch-tower</subfield><subfield code="w">(DLC)sn 83032067</subfield><subfield code="w">(OCoLC)2266893</subfield></datafield><datafield ind1="4" ind2="1" tag="856"><subfield code="3">01/01/1794 to 12/31/1794</subfield><subfield code="u">http://infoweb.newsbank.com/?db=EANX&amp;s_browseRef=decades/109215B64EAFB460/all.xml</subfield></datafield><datafield ind1=" " ind2=" " tag="938"><subfield code="a">Kirtas Technologies, Inc.</subfield><subfield code="b">KRTS</subfield><subfield code="n">735616</subfield></datafield><datafield ind1="1" ind2=" " tag="029"><subfield code="a">AU@</subfield><subfield code="b">000020126613</subfield></datafield></record>